<record><leader>00000cas a2200000Ia 4500</leader><controlfield tag="001">20292068</controlfield><controlfield tag="008">890901d1885188uvaumr n       0    0eng d</controlfield><datafield ind1=" " ind2=" " tag="010"><subfield code="a">sn 96096534 </subfield></datafield><datafield ind1=" " ind2=" " tag="040"><subfield code="a">NDD</subfield><subfield code="b">eng</subfield><subfield code="c">NDD</subfield><subfield code="d">NVK</subfield><subfield code="d">OCLCQ</subfield><subfield code="d">OCLCF</subfield><subfield code="d">OCLCO</subfield></datafield><datafield ind1=" " ind2=" " tag="043"><subfield code="a">n-us-va</subfield></datafield><datafield ind1=" " ind2="4" tag="050"><subfield code="a">AP2</subfield><subfield code="b">.A313</subfield></datafield><datafield ind1="0" ind2="0" tag="245"><subfield code="a">Amateur times.</subfield></datafield><datafield ind1=" " ind2=" " tag="260"><subfield code="a">Eastville, Va. :</subfield><subfield code="b">Lloyd W.W. Brockenbrough</subfield></datafield><datafield ind1=" " ind2=" " tag="300"><subfield code="a">v. ;</subfield><subfield code="c">21 cm.</subfield></datafield><datafield ind1=" " ind2=" " tag="310"><subfield code="a">Monthly</subfield></datafield><datafield ind1="1" ind2=" " tag="362"><subfield code="a">Began Oct. 1885.</subfield><subfield code="z">Cf. Union list of serials.</subfield></datafield><datafield ind1=" " ind2=" " tag="500"><subfield code="a">Editor: L.W.W. Brockenbrough.</subfield></datafield><datafield ind1=" " ind2=" " tag="588"><subfield code="a">Description based on: Vol. 1, no. 2 (Nov. 1885).</subfield></datafield><datafield ind1=" " ind2="0" tag="650"><subfield code="a">Children's writings, American</subfield><subfield code="z">Virginia</subfield><subfield code="v">Newspapers.</subfield></datafield><datafield ind1=" " ind2="0" tag="651"><subfield code="a">Eastville (Va.)</subfield><subfield code="v">Newspapers.</subfield></datafield><datafield ind1=" " ind2="7" tag="655"><subfield code="a">Newspapers.</subfield><subfield code="2">fast</subfield><subfield code="0">(OCoLC)fst01423814</subfield></datafield><datafield ind1=" " ind2="7" tag="650"><subfield code="a">Children's writings, American.</subfield><subfield code="2">fast</subfield><subfield code="0">(OCoLC)fst00856835</subfield></datafield><datafield ind1=" " ind2="7" tag="651"><subfield code="a">Virginia.</subfield><subfield code="2">fast</subfield><subfield code="0">(OCoLC)fst01204597</subfield></datafield><datafield ind1=" " ind2="7" tag="651"><subfield code="a">Virginia</subfield><subfield code="z">Eastville.</subfield><subfield code="2">fast</subfield><subfield code="0">(OCoLC)fst01282175</subfield></datafield><datafield ind1="1" ind2=" " tag="700"><subfield code="a">Brockenbrough, Lloyd W. W.</subfield></datafield><datafield ind1=" " ind2=" " tag="752"><subfield code="a">United States</subfield><subfield code="b">Virginia</subfield><subfield code="c">Northampton</subfield><subfield code="d">Eastville.</subfield></datafield></record>